<record><leader>01082cam a2200325 a 4500</leader><controlfield tag="001">6785910</controlfield><controlfield tag="003">OCoLC</controlfield><controlfield tag="005">20150310094924.0</controlfield><controlfield tag="008">140712s2015    cau      b    001 0 eng d</controlfield><datafield ind1=" " ind2=" " tag="010"><subfield code="a">  2014940478</subfield></datafield><datafield ind1=" " ind2=" " tag="020"><subfield code="a">9781849207874</subfield></datafield><datafield ind1=" " ind2=" " tag="020"><subfield code="a">1849207879</subfield></datafield><datafield ind1=" " ind2=" " tag="020"><subfield code="a">9781849207881 (pbk.)</subfield></datafield><datafield ind1=" " ind2=" " tag="020"><subfield code="a">1849207887 (pbk.)</subfield></datafield><datafield ind1=" " ind2=" " tag="035"><subfield code="a">ocn883651150</subfield></datafield><datafield ind1=" " ind2=" " tag="039"><subfield code="a">exclude</subfield></datafield><datafield ind1=" " ind2=" " tag="040"><subfield code="a">BTCTA</subfield><subfield code="b">eng</subfield><subfield code="c">BTCTA</subfield><subfield code="d">BDX</subfield><subfield code="d">YDXCP</subfield><subfield code="d">OCLCO</subfield><subfield code="d">QGK</subfield><subfield code="d">AEU</subfield></datafield><datafield ind1=" " ind2="4" tag="050"><subfield code="a">P94</subfield><subfield code="b">.H659 2015</subfield></datafield><datafield ind1="0" ind2="4" tag="082"><subfield code="a">175</subfield><subfield code="2">23</subfield></datafield><datafield ind1=" " ind2=" " tag="090"><subfield code="a">P94 .H659 2015</subfield><subfield code="b">AEGMCT</subfield></datafield><datafield ind1="1" ind2=" " tag="100"><subfield code="a">Horner, David Sanford,</subfield><subfield code="e">author.</subfield></datafield><datafield ind1="1" ind2="0" tag="245"><subfield code="a">Understanding media ethics / David Sanford Horner.</subfield></datafield><datafield ind1=" " ind2=" " tag="260"><subfield code="a">Los Angeles :</subfield><subfield code="b">SAGE,</subfield><subfield code="c">2015.</subfield></datafield><datafield ind1=" " ind2=" " tag="300"><subfield code="a">x, 256 p. ;</subfield><subfield code="c">25 cm.</subfield></datafield><datafield ind1=" " ind2=" " tag="504"><subfield code="a">Includes bibliographical references (p. 239-247) and index.</subfield></datafield><datafield ind1=" " ind2=" " tag="596"><subfield code="a">29</subfield></datafield><datafield ind1=" " ind2="0" tag="650"><subfield code="a">Mass media</subfield><subfield code="x">Moral and ethical aspects.</subfield></datafield><datafield ind1=" " ind2="0" tag="650"><subfield code="a">Journalistic ethics.</subfield></datafield><datafield ind1=" " ind2=" " tag="949"><subfield code="a">P94 .H659 2015</subfield><subfield code="h">GMCT-OS-B</subfield><subfield code="i">1007405283</subfield><subfield code="p">46.45</subfield><subfield code="k">AVAIL_SOON</subfield></datafield><datafield ind1=" " ind2=" " tag="926"><subfield code="a">P94 .H659 2015</subfield><subfield code="w">LC</subfield><subfield code="c">1</subfield><subfield code="i">1007405283</subfield><subfield code="d">4/2/2015</subfield><subfield code="l">ON_SHELF</subfield><subfield code="m">GR_MACEWAN</subfield><subfield code="p">$46.45</subfield><subfield code="r">Y</subfield><subfield code="s">Y</subfield><subfield code="t">BOOK</subfield><subfield code="u">3/18/2015</subfield></datafield></record>